%% This BibTeX bibliography file was created using BibDesk.
%% https://bibdesk.sourceforge.io/

%% Created for Johannes Brauer at 2019-11-10 17:34:09 +0100 


%% Saved with string encoding Unicode (UTF-8) 

@inproceedings{Wan2000Functional,
  added-at = {2019-03-01T00:11:50.000+0100},
  address = {New York, NY, USA},
  author = {Wan, Zhanyong and Hudak, Paul},
  biburl = {https://www.bibsonomy.org/bibtex/2ce7d3124d90a314065b3c5492cef8e4e/gdmcbain},
  booktitle = {Proceedings of the ACM SIGPLAN 2000 conference on Programming language design and implementation  - PLDI '00},
  citeulike-article-id = {1825652},
  citeulike-linkout-0 = {http://portal.acm.org/citation.cfm?id=349331},
  citeulike-linkout-1 = {http://dx.doi.org/10.1145/349299.349331},
  comment = {cited in 'Your easy guide to functional reactive programming':https://medium.com/@lettier/functional-reactive-programming-a0c7b08f6b67},
  doi = {10.1145/349299.349331},
  interhash = {f5afb1dfcfd0c3d0ea57c20f893e2330},
  intrahash = {ce7d3124d90a314065b3c5492cef8e4e},
  isbn = {1581131992},
  issn = {0362-1340},
  journal = {SIGPLAN Not.},
  keywords = {68n18-functional-programming-and-lambda-calculus frp},
  location = {Vancouver, British Columbia, Canada},
  month = may,
  number = 5,
  pages = {242--252},
  posted-at = {2018-10-25 23:41:17},
  priority = {4},
  publisher = {ACM Press},
  timestamp = {2019-03-01T00:11:50.000+0100},
  title = {{Functional Reactive Programming from First Principles}},
  url = {http://dx.doi.org/10.1145/349299.349331},
  volume = 35,
  year = 2000
}

@book{Wali2016,
	Address = {Birmingham, UK},
	Author = {Wali, Akhil},
	Isbn = {978-1-78588-974-5},
	Publisher = {Packt Publishing},
	Title = {Mastering Clojure : understand the philosophy of the Clojure language and dive into its inner workings to unlock its advanced features, methodologies, and constructs},
	Year = {2016}}

@book{Wagenknecht2016,
	Author = {Christian Wagenknecht},
	Description = {Programmierparadigmen: Eine Einf{\"u}hrung auf der Grundlage von Racket (German Edition) (Book, 2016)},
	Interhash = {22f371f1c4a3cb77528b8dc41995f648},
	Intrahash = {fd05f106ae478a2765ff20093e82accb},
	Isbn = {3658141336},
	Month = {may},
	Publisher = {Springer Vieweg},
	Title = {Programmierparadigmen: Eine Einf{\"u}hrung auf der Grundlage von Racket (German Edition)},
	Url = {https://www.xarg.org/ref/a/3658141336/},
	Year = {2016},
	Bdsk-Url-1 = {https://www.xarg.org/ref/a/3658141336/}}

@book{Miller2018,
	Address = {Raleigh, North Carolina},
	Author = {Miller, Alex and Halloway, Stuart and Bedra, Aaron},
	Isbn = {9781680502466},
	Publisher = {Pragmatic Bookshelf},
	Title = {Programming Clojure},
	Year = {2018}}

@book{Rathore2016,
	Address = {Shelter Island, NY},
	Author = {Rathore, Amit},
	Isbn = {9781617291524},
	Publisher = {Manning},
	Title = {Clojure in action},
	Year = {2016}}

@inproceedings{Subramanian2017,
	Acmid = {3080218},
	Address = {New York, NY, USA},
	Author = {Subramanian, Suvinay and Jeffrey, Mark C. and Abeydeera, Maleen and Lee, Hyun Ryong and Ying, Victor A. and Emer, Joel and Sanchez, Daniel},
	Booktitle = {Proceedings of the 44th Annual International Symposium on Computer Architecture},
	Doi = {10.1145/3079856.3080218},
	Isbn = {978-1-4503-4892-8},
	Keywords = {Fine-grain parallelism, Multicore, Nested parallelism, Speculative parallelization, Thread-level speculation, Transactional memory},
	Location = {Toronto, ON, Canada},
	Numpages = {13},
	Pages = {587--599},
	Publisher = {ACM},
	Series = {ISCA '17},
	Title = {Fractal: An Execution Model for Fine-Grain Nested Speculative Parallelism},
	Url = {http://doi.acm.org/10.1145/3079856.3080218},
	Year = {2017},
	Bdsk-Url-1 = {http://doi.acm.org/10.1145/3079856.3080218},
	Bdsk-Url-2 = {https://doi.org/10.1145/3079856.3080218}}

@url{CACM2017,
	Note = {zuletzt aufgerufen am 26.09.2017},
	Title = {Practical Parallelism},
	Url = {https://cacm.acm.org/careers/219104-practical-parallelism/fulltext},
	Year = {2017},
	Bdsk-Url-1 = {https://cacm.acm.org/careers/219104-practical-parallelism/fulltext}}

@url{CACM2016,
	Note = {zuletzt aufgerufen am 26.09.2017},
	Title = {Parallel Programming Made Easy},
	Url = {https://cacm.acm.org/careers/203794-parallel-programming-made-easy/fulltext},
	Year = {2017},
	Bdsk-Url-1 = {https://cacm.acm.org/careers/203794-parallel-programming-made-easy/fulltext}}

@article{Flynn1972,
	Acmid = {1952459},
	Address = {Washington, DC, USA},
	Author = {Flynn, Michael J.},
	Doi = {10.1109/TC.1972.5009071},
	Issn = {0018-9340},
	Issue_Date = {September 1972},
	Journal = {IEEE Trans. Comput.},
	Month = sep,
	Number = {9},
	Numpages = {13},
	Pages = {948--960},
	Publisher = {IEEE Computer Society},
	Title = {Some Computer Organizations and Their Effectiveness},
	Url = {http://dx.doi.org/10.1109/TC.1972.5009071},
	Volume = {21},
	Year = {1972},
	Bdsk-Url-1 = {http://dx.doi.org/10.1109/TC.1972.5009071}}

@book{Bengel2015,
	Author = {G{\"u}nther Bengel AND Christian Baun AND Marcel Kunze AND Karl-Uwe Stucky},
	Publisher = {Springer Fachmedien Wiesbaden},
	Title = {Masterkurs Parallele und Verteilte Systeme},
	Year = {2015}}

@url{Kalin2015,
	Author = {Martin Kalin},
	Note = {zuletzt aufgerufen am 10.10.2017},
	Publisher = {Infinite Skills},
	Title = {Concurrent and Parallel Programming Concepts},
	Url = {https://www.safaribooksonline.com/library/view/concurrent-and-parallel/9781771375313/},
	Year = {2015},
	Bdsk-Url-1 = {https://www.safaribooksonline.com/library/view/concurrent-and-parallel/9781771375313/}}

@book{Goetz2006,
	Address = {Upper Saddle River, NJ},
	Author = {Goetz, Brian},
	Isbn = {0321349601},
	Publisher = {Addison-Wesley},
	Title = {Java concurrency in practice},
	Year = {2006}}

@book{danielpfriedman2018,
	Author = {Daniel P Friedman},
	Description = {The Reasoned Schemer (MIT Press) (The MIT Press) (Book, 2018)},
	Interhash = {eb8687d5c8f8098b0d8cfa85753191b4},
	Intrahash = {2f72a5afea996013016316de049e779a},
	Isbn = {0262535513},
	Month = {mar},
	Publisher = {MIT Press},
	Title = {The Reasoned Schemer (MIT Press) (The MIT Press)},
	Url = {https://www.xarg.org/ref/a/0262535513/},
	Year = {2018},
	Bdsk-Url-1 = {https://www.xarg.org/ref/a/0262535513/}}

@book{Anggoro2016,
	Author = {Wisnu Anggoro},
	Publisher = {Packt Publishing},
	Title = {Functional C\#: Uncover the secrets of functional
                  programming using C\# and change the way you approach
                  your applications forever},
	Url = {https://www.amazon.com/Functional-functional-programming-approach-applications-ebook/dp/B01DULYMQI?SubscriptionId=AKIAIOBINVZYXZQZ2U3A&tag=chimbori05-20&linkCode=xm2&camp=2025&creative=165953&creativeASIN=B01DULYMQI},
	Year = {2016},
	Bdsk-Url-1 = {https://www.amazon.com/Functional-functional-programming-approach-applications-ebook/dp/B01DULYMQI?SubscriptionId=AKIAIOBINVZYXZQZ2U3A&tag=chimbori05-20&linkCode=xm2&camp=2025&creative=165953&creativeASIN=B01DULYMQI}}

@book{Petricek2010,
	Author = {Tomas Petricek and Jon Skeet},
	Isbn = {1933988924},
	Publisher = {Manning Publications},
	Title = {Real-World Functional Programming: With Examples in F\# and C\#},
	Url = {https://www.amazon.com/Real-World-Functional-Programming-Tomas-Petricek/dp/1933988924?SubscriptionId=AKIAIOBINVZYXZQZ2U3A&tag=chimbori05-20&linkCode=xm2&camp=2025&creative=165953&creativeASIN=1933988924},
	Year = {2010},
	Bdsk-Url-1 = {https://www.amazon.com/Real-World-Functional-Programming-Tomas-Petricek/dp/1933988924?SubscriptionId=AKIAIOBINVZYXZQZ2U3A&tag=chimbori05-20&linkCode=xm2&camp=2025&creative=165953&creativeASIN=1933988924}}

@book{Subramaniam2014,
	Author = {Venkat Subramaniam},
	Isbn = {1937785467},
	Publisher = {Pragmatic Bookshelf},
	Title = {Functional Programming in Java: Harnessing the Power Of Java 8 Lambda Expressions},
	Url = {https://www.amazon.com/Functional-Programming-Java-Harnessing-Expressions/dp/1937785467?SubscriptionId=AKIAIOBINVZYXZQZ2U3A&tag=chimbori05-20&linkCode=xm2&camp=2025&creative=165953&creativeASIN=1937785467},
	Year = {2014},
	Bdsk-Url-1 = {https://www.amazon.com/Functional-Programming-Java-Harnessing-Expressions/dp/1937785467?SubscriptionId=AKIAIOBINVZYXZQZ2U3A&tag=chimbori05-20&linkCode=xm2&camp=2025&creative=165953&creativeASIN=1937785467}}

@book{Reese2015,
	Author = {Richard M Reese},
	Publisher = {Packt Publishing},
	Title = {Learning Java Functional Programming},
	Url = {https://www.amazon.com/Learning-Functional-Programming-Richard-Reese-ebook/dp/B0154ZMTNG?SubscriptionId=AKIAIOBINVZYXZQZ2U3A&tag=chimbori05-20&linkCode=xm2&camp=2025&creative=165953&creativeASIN=B0154ZMTNG},
	Year = {2015},
	Bdsk-Url-1 = {https://www.amazon.com/Learning-Functional-Programming-Richard-Reese-ebook/dp/B0154ZMTNG?SubscriptionId=AKIAIOBINVZYXZQZ2U3A&tag=chimbori05-20&linkCode=xm2&camp=2025&creative=165953&creativeASIN=B0154ZMTNG}}

@book{Okasaki1999,
	Author = {Chris Okasaki},
	Isbn = {0521663504},
	Publisher = {Cambridge University Press},
	Title = {Purely Functional Data Structures},
	Year = {1999}}

@url{Norvig1998,
	Author = {Peter Norvig},
	Note = {zuletzt aufgerufen am 10.09.2018},
	Title = {Design Patterns in Dynamic Languages},
	Url = {http://www.norvig.com/design-patterns/},
	Year = {1998},
	Bdsk-Url-1 = {http://www.norvig.com/design-patterns/}}

@url{Carro1998,
	Author = {Manuel Carro},
	Note = {zuletzt aufgerufen am 10.09.2017},
	Title = {An Introductory Course on Constraint Logic Programming},
	Url = {https://cliplab.org/~vocal/public_info/seminar_notes/seminar_notes.html},
	Year = {1998},
	Bdsk-Url-1 = {https://cliplab.org/~vocal/public_info/seminar_notes/seminar_notes.html}}

@inproceedings{Reenskaug2012,
	Address = {New York, NY, USA},
	Author = {Coplien, James O. and Reenskaug, Trygve Mikkjel Heyerdahl},
	Booktitle = {SPLASH '12: Proceedings of the 3rd annual conference on Systems, programming, and applications: software for humanity},
	Doi = {http://doi.acm.org/10.1145/2384716.2384782},
	Isbn = {978-1-4503-1563-0},
	Location = {Tucson, Arizona, USA},
	Pages = {227--228},
	Publisher = {ACM},
	Title = {The data, context and interaction paradigm},
	Year = {2012},
	Bdsk-Url-1 = {http://doi.acm.org/10.1145/2384716.2384782}}

@article{KraBraCra2011,
	Author = {Hartmut Krasemann and Johannes Brauer and Christoph Crasemann},
	Journal = {OBJEKTspektrum},
	Number = {4},
	Title = {DSLs MIT PARSER-KOMBINATOREN: Mit wenig Code zu einer Harel- Statechart-DSL},
	Year = {2011}}

@article{machkasovasteps,
	Author = {Machkasova, Elena and Adams, Stephen J and Einertson, Joe},
	Title = {Steps towards teaching the Clojure programming language in an introductory CS class},
	Year = 2013}

@inproceedings{Bartak99,
	Author = {Roman Bart{\`a}k},
	Booktitle = {In Proceedings of the Week of Doctoral Students (WDS99 -invited lecture},
	Pages = {555--564},
	Title = {Constraint programming: In pursuit of the holy grail},
	Year = {1999}}

@inproceedings{hickey2008clojure,
	Author = {Hickey, Rich},
	Booktitle = {Proceedings of the 2008 symposium on Dynamic languages},
	Organization = {ACM},
	Pages = {1},
	Title = {The clojure programming language},
	Year = {2008}}

@misc{Hickey2009,
	Author = {Hickey, Rich},
	Howpublished = {https://www.infoq.com/presentations/Value-Identity-State-Rich-Hickey/},
	Lastchecked = {11. 4. 2015},
	Note = {zuletzt aufgerufen am 11. 4. 2015},
	Title = {Persistent Data Structures and Managed References},
	Year = {2009}}

@url{Dittwald2019,
	Author = {Dittwald, Rafal},
	Date-Modified = {2019-11-10 17:34:03 +0100},
	Howpublished = {https://clojurenorth.com},
	Lastchecked = {9. 11. 2019},
	Note = {zuletzt aufgerufen am 9. 11. 2019},
	Title = {Solving Problems the Clojure Way},
	Url = {https://clojurenorth.com},
	Year = {2019}}

@url{Hickey2011,
	Author = {Hickey, Rich},
	Note = {zuletzt aufgerufen am 10. 7. 2019},
	Title = {Simple Made Easy},
	Url = {https://www.infoq.com/presentations/Simple-Made-Easy/},
	Year = {2011},
	Bdsk-Url-1 = {https://www.infoq.com/presentations/Simple-Made-Easy/}}

@misc{Engelberg14,
	Author = {Engelbert, Marc},
	Date-Added = {2014-12-06 19:34:30 +0000},
	Date-Modified = {2014-12-06 19:37:15 +0000},
	Howpublished = {https://github.com/Engelberg/instaparse},
	Lastchecked = {6. 12. 2014},
	Note = {zuletzt aufgerufen am 7. 12. 2014},
	Title = {Instaparse 1.3.5},
	Year = {2014}}

@inproceedings{Ford2002,
	Acmid = {581483},
	Address = {New York, NY, USA},
	Author = {Ford, Bryan},
	Booktitle = {Proceedings of the seventh ACM SIGPLAN international conference on Functional programming},
	Doi = {10.1145/581478.581483},
	Isbn = {1-58113-487-8},
	Keywords = {Haskell, backtracking, lexical analysis, memoization, parser combinators, scannerless parsing, top-down parsing},
	Location = {Pittsburgh, PA, USA},
	Numpages = {12},
	Pages = {36--47},
	Publisher = {ACM},
	Series = {ICFP '02},
	Title = {Packrat parsing:: simple, powerful, lazy, linear time, functional pearl},
	Url = {http://doi.acm.org/10.1145/581478.581483},
	Year = {2002},
	Bdsk-Url-1 = {http://doi.acm.org/10.1145/581478.581483},
	Bdsk-Url-2 = {http://dx.doi.org/10.1145/581478.581483}}

@book{Pharo2009,
	Author = {Andrew Black and St{\'e}phane Ducasse and Oscar Nierstrasz and Damien Pollet and Damien Cassou and Marcus Denker},
	Date-Added = {2012-09-18 12:17:52 +0000},
	Date-Modified = {2012-09-18 12:21:15 +0000},
	Publisher = {Square Bracket Associates},
	Title = {Pharo by Example.},
	Year = {2009}}

@book{Pharo2013,
	Author = {Alexandre Bergel and Damien Cassou and St{\'e}phane Ducasse and Jannik Laval},
	Date-Added = {2012-09-18 12:17:52 +0000},
	Date-Modified = {2012-09-18 12:21:15 +0000},
	Publisher = {Square Bracket Associates},
	Title = {Deep into Pharo.},
	Year = {20}}

@manual{cite-key,
	Date-Added = {2013-08-24 16:55:37 +0000},
	Date-Modified = {2013-08-24 16:56:01 +0000}}

@misc{SELFHTML,
	Author = {SELFHTML},
	Date-Added = {2013-08-24 16:08:24 +0000},
	Date-Modified = {2013-08-24 17:42:37 +0000},
	Lastchecked = {2013-08-29},
	Note = {zuletzt aufgerufen am 29. 8. 2013},
	Title = {SELFHTML},
	Url = {http://de.selfhtml.org},
	Year = 2007,
	Bdsk-Url-1 = {http://de.selfhtml.org}}

@misc{CSS4you,
	Author = {Maik Ritter},
	Date-Added = {2013-08-24 16:08:24 +0000},
	Date-Modified = {2013-08-24 17:42:37 +0000},
	Lastchecked = {2013-08-29},
	Note = {zuletzt aufgerufen am 29. 8. 2013},
	Title = {CSS 4 you - die deutsche Seite f{\"u}r Cascading Stylesheets (CSS)},
	Url = {http://www.css4you.de},
	Year = {2009},
	Bdsk-Url-1 = {http://www.css4you.de}}

@misc{AIDAweb,
	Author = {AIDAweb},
	Date-Added = {2013-08-24 16:08:24 +0000},
	Date-Modified = {2013-08-24 17:42:37 +0000},
	Lastchecked = {2013-08-01},
	Note = {zuletzt aufgerufen am 1. 8. 2013},
	Title = {AIDAweb Smalltalk Web Application Server},
	Url = {http://www.aidaweb.si},
	Year = {2013},
	Bdsk-Url-1 = {http://www.aidaweb.si}}

@incollection{BraCraKra2012,
	Author = {Johannes Brauer and Hartmut Krasemann and Christoph Crasemann},
	Booktitle = {Forschung f{\"u}r die Wirtschaft 2012},
	Date-Added = {2013-04-20 20:14:34 +0000},
	Date-Modified = {2013-04-20 20:18:51 +0000},
	Publisher = {NORDAKADEMIE Hochschule der Wirtschaft},
	Title = {Implementierung einer in Smalltalk eingebetteten Sprache f{\"u}r die Erzeugung klassenloser Objekte},
	Year = {2012}}

@incollection{Brauer2015,
	Author = {Johannes Brauer},
	Booktitle = {Forschung f{\"u}r die Wirtschaft 2015},
	Publisher = {NORDAKADEMIE Hochschule der Wirtschaft},
	Title = {Implementierung einer Parserkombinator-Bibliothek in Clojure},
	Year = {2015}}

@article{Hales2008,
	Author = {Thomas C. Hales},
	Date-Added = {2012-12-18 07:18:57 +0000},
	Date-Modified = {2012-12-18 07:34:16 +0000},
	Journal = {Notices of the AMS},
	Number = {11},
	Title = {Formal Proof},
	Volume = {55},
	Year = {2008}}

@book{Tanenbaum2001,
	Author = {Andrew S. Tanenbaum and James Goodman},
	Date-Added = {2012-12-14 14:13:35 +0000},
	Date-Modified = {2012-12-14 14:15:08 +0000},
	Publisher = {Pearson Studium},
	Title = {Computerarchitektur},
	Year = {2001}}

@incollection{BKC11,
	Author = {Hartmut Krasemann, Johannes Brauer and Christoph Crasemann},
	Booktitle = {Forschung f{\"u}r die Wirtschaft 2011},
	Date-Added = {2012-09-13 12:52:04 +0000},
	Date-Modified = {2012-09-13 12:56:58 +0000},
	Publisher = {NORDAKADEMIE Hochschule der Wirtschaft},
	Title = {Objekte statt Klassen zuerst},
	Year = {2011}}

@book{Gh11,
	Author = {Debasish Gosch},
	Date-Added = {2011-12-12 20:13:07 +0000},
	Date-Modified = {2011-12-12 20:14:09 +0000},
	Publisher = {Manning},
	Title = {DSLs in Action},
	Year = {2011}}

@manual{WSDL,
	Author = {OMG},
	Date-Added = {2011-12-11 13:18:58 +0000},
	Date-Modified = {2011-12-11 13:21:18 +0000},
	Month = {Juni},
	Title = {Web Services Description Language (WSDL) Version 2.0 Part 1: Core Language},
	Url = {http://www.w3.org/TR/wsdl20/},
	Year = {2007},
	Bdsk-Url-1 = {http://www.w3.org/TR/wsdl20/}}

@book{AmitRathore2012,
	Author = {Amit Rathore},
	Date-Added = {2012-01-02 22:27:14 +0000},
	Date-Modified = {2012-01-02 22:28:32 +0000},
	Publisher = {Manning Publications Co.},
	Title = {Clojure in Action},
	Year = {2012}}

@book{ChasEmerick2012,
	Author = {Chas Emerick AND Brian Carper AND Christophe Grand},
	Date-Added = {2015-03-31 22:27:14 +0000},
	Publisher = {O'Reilly Media, Inc},
	Title = {Clojure Programming},
	Year = {2012}}

@book{ColinJones2014,
	Author = {Colin Jones},
	Date-Added = {2015-03-31 22:27:14 +0000},
	Publisher = {The Pragmatic Bookshelf},
	Title = {Mastering Clojure Macros},
	Year = {2014}}

@book{Higginbotham2015,
	Author = {Daniel Higginbotham},
	Date-Added = {2015-03-31 22:27:14 +0000},
	Publisher = {Leanpub},
	Title = {Clojure for the Brave and True},
	Year = {2015}}

@book{EM90,
	Author = {Hartmut Ehrig AND Bernd Mahr},
	Date-Added = {2011-12-20 14:15:48 +0000},
	Date-Modified = {2011-12-20 14:18:44 +0000},
	Publisher = {Springer Berlin},
	Series = {Monographs in Theoretical Computer Science. An EATCS Series; 21},
	Title = {Fundamentals of Algebraic Specification 2},
	Year = {1990}}

@manual{CORBA,
	Author = {OMG},
	Date-Added = {2011-12-11 13:08:36 +0000},
	Date-Modified = {2011-12-11 13:10:49 +0000},
	Month = {M{\"a}rz},
	Title = {Common Object Request Broker Architecture: Core Specification Version 3.0.3},
	Year = {2004}}

@book{Okasaki98,
	Author = {Chris Okasaki},
	Date-Added = {2011-12-06 09:07:52 +0000},
	Date-Modified = {2011-12-06 09:09:30 +0000},
	Publisher = {Cambrigde University Press},
	Title = {Purely Functional Data Structures},
	Year = {1998}}

@manual{SOAP,
	Author = {OMG},
	Date-Added = {2011-12-11 13:01:11 +0000},
	Date-Modified = {2011-12-11 13:21:39 +0000},
	Lastchecked = {11.12.2011},
	Month = {April},
	Title = {SOAP Version 1.2 Part1: Messaging Framework},
	Url = {http://www.w3.org/TR/soap/},
	Year = {2007},
	Bdsk-Url-1 = {http://www.w3.org/TR/soap/}}

@article{ThomsenEtAl2010,
	Author = {Lone Leth Thomsen and Bent Thomsen and Kurt N\/{o}rmark},
	Doi = {10.5381/jot.2010.9.6.a1},
	Issn = {1660-1769},
	Journal = {Journal of Object Technology},
	Month = nov,
	Number = {6},
	Pages = {1-23},
	Title = {Computational Abstraction Steps},
	Url = {http://www.jot.fm/contents/issue_2010_11/article1.html},
	Volume = {9},
	Year = {2010},
	Bdsk-Url-1 = {http://www.jot.fm/contents/issue_2010_11/article1.html},
	Bdsk-Url-2 = {http://dx.doi.org/10.5381/jot.2010.9.6.a1}}

@book{Rechenberger1999,
	Date-Added = {2010-11-17 14:20:34 +0100},
	Date-Modified = {2010-11-17 14:22:06 +0100},
	Edition = {2},
	Editor = {Peter Rechenberg and Gustav Pomberger},
	Publisher = {Carl Hanser Verlag},
	Title = {Informatik-Handbuch},
	Year = {1999}}

@url{SQS,
	Author = {Amazon},
	Date-Added = {2011-10-03 12:29:57 +0000},
	Date-Modified = {2011-10-03 15:39:35 +0000},
	Lastchecked = {October 2011},
	Title = {Amazon Simple Queue Service (Amazon SQS) aws.amazon.com/de/sqs},
	Url = {http://aws.amazon.com/de/sqs},
	Year = {2011},
	Bdsk-Url-1 = {http://aws.amazon.com/de/sqs}}

@manual{JMS,
	Date-Added = {2011-10-03 12:23:18 +0000},
	Date-Modified = {2011-12-11 18:21:27 +0000},
	Month = {April},
	Organization = {Sun Microsystems},
	Title = {Java Message Service 1.1},
	Year = {2002}}

@book{EhrigMahr2001,
	Author = {Hartmut Ehrig and Bernd Mahr and Martin Gro{\ss}e-Rhode and Felix Cornelius and Fhilip Zeitz},
	Date-Added = {2010-11-17 13:46:55 +0100},
	Date-Modified = {2010-11-17 14:01:21 +0100},
	Edition = {2.},
	Publisher = {Springer-Verlag Berlin Heidelberg New York},
	Title = {Mathematisch-strukturelle Grundlagen der Informatik},
	Year = {2001}}

@book{Me88,
	Author = {Bertrand Meyer},
	Date-Added = {2011-10-03 12:15:50 +0000},
	Date-Modified = {2011-10-03 12:17:28 +0000},
	Publisher = {Prentice Hall},
	Series = {C.A.R. Hoare Series},
	Title = {Object-oriented Software Construction},
	Year = {1988}}

@book{HW04,
	Author = {Gregor Hohpe and Bobby Woolf},
	Date-Added = {2011-10-03 12:09:23 +0000},
	Date-Modified = {2011-10-03 12:14:32 +0000},
	Publisher = {Pearson Education},
	Series = {A Martin Fowler Signature Book},
	Title = {Enterprise Integration Patterns}}

@book{Mosses2004,
	Date-Added = {2010-11-16 15:12:53 +0100},
	Date-Modified = {2010-11-16 15:15:42 +0100},
	Editor = {Peter D. Mosses},
	Publisher = {Springer Berlin Heidelberg},
	Title = {CASL Reference Manual},
	Year = {2004}}

@url{Kr11,
	Author = {Hartmut Krasemann},
	Date-Added = {2011-10-03 11:12:10 +0000},
	Date-Modified = {2012-02-26 11:35:12 +0000},
	Title = {SStDSL-hk.44 www.squeaksource.org/SStDSL.html},
	Url = {www.squeaksource.org/SStDSL.html},
	Urldate = {10.02.2012},
	Year = {2012},
	Bdsk-Url-1 = {www.squeaksource.org/SStDSL.html}}

@book{Loeckx1996,
	Author = {Jacques Loeckx and Hans-Dieter Ehrich and Markus Wolf},
	Date-Added = {2010-11-16 10:28:34 +0100},
	Date-Modified = {2010-11-16 10:30:59 +0100},
	Publisher = {Wiley-Teubner},
	Title = {Specification of Abstract Data Types},
	Year = {1996}}

@book{Fruehwirth2010,
	Author = {Thom Fr{\"u}hwirth and Slim Abdennadher},
	Isbn = {3642087124},
	Publisher = {Springer},
	Title = {Essentials of Constraint Programming (Cognitive Technologies)},
	Url = {https://www.amazon.com/Essentials-Constraint-Programming-Cognitive-Technologies/dp/3642087124?SubscriptionId=0JYN1NVW651KCA56C102&tag=techkie-20&linkCode=xm2&camp=2025&creative=165953&creativeASIN=3642087124},
	Year = {2010},
	Bdsk-Url-1 = {https://www.amazon.com/Essentials-Constraint-Programming-Cognitive-Technologies/dp/3642087124?SubscriptionId=0JYN1NVW651KCA56C102&tag=techkie-20&linkCode=xm2&camp=2025&creative=165953&creativeASIN=3642087124}}

@book{Marriott1998,
	Author = {Kimbal Marriott and Peter Stuckey},
	Isbn = {0262133415},
	Publisher = {The MIT Press},
	Title = {Programming with Constraints: An Introduction},
	Url = {https://www.amazon.com/Programming-Constraints-Introduction-Kimbal-Marriott/dp/0262133415?SubscriptionId=0JYN1NVW651KCA56C102&tag=techkie-20&linkCode=xm2&camp=2025&creative=165953&creativeASIN=0262133415},
	Year = {1998},
	Bdsk-Url-1 = {https://www.amazon.com/Programming-Constraints-Introduction-Kimbal-Marriott/dp/0262133415?SubscriptionId=0JYN1NVW651KCA56C102&tag=techkie-20&linkCode=xm2&camp=2025&creative=165953&creativeASIN=0262133415}}

@article{KBC11,
	Author = {Hartmut Krasemann and Johannes Brauer and Christoph Crasemann},
	Date-Added = {2011-10-03 11:04:28 +0000},
	Date-Modified = {2013-04-20 20:45:16 +0000},
	Journal = {OBJEKTspektrum},
	Month = {Juli/August},
	Number = {04},
	Title = {DSL MIT PARSER-KOMBINATOREN: Mit wenig Code zu einer Harel-Statechart-DSL},
	Year = {2011}}

@phdthesis{Re10,
	Author = {Lukas Renggli},
	Date-Added = {2011-10-03 10:54:15 +0000},
	Date-Modified = {2011-10-03 10:56:25 +0000},
	School = {Philosophisch-Naturwissenschaftliche Fakult{\"a}t der Universit{\"a}t Bern},
	Title = {Dynamic Language Embedding},
	Year = {2010}}

@url{RabbitMQ,
	Date-Added = {2011-08-19 09:35:48 +0000},
	Date-Modified = {2011-12-11 13:23:17 +0000},
	Lastchecked = {19.08.2011},
	Title = {RabbitMQ - AMQP Messenger www.rabbitmq.com},
	Url = {www.rabbitmq.com},
	Urldate = {19.08.2011},
	Bdsk-Url-1 = {http://www.rabbitmq.com/},
	Bdsk-Url-2 = {www.rabbitmq.com}}

@url{AMQP,
	Date-Added = {2011-08-19 09:27:54 +0000},
	Date-Modified = {2011-08-19 10:36:11 +0000},
	Lastchecked = {19.08.2011},
	Title = {Advanced Message Queuing Protocol - www.amqp.org},
	Urldate = {19.08.2011},
	Bdsk-Url-1 = {http://www.amqp.org}}

@webpage{GloConn,
	Date-Added = {2011-04-28 16:47:09 +0200},
	Date-Modified = {2011-08-19 09:39:47 +0000},
	Lastchecked = {28.04.2011},
	Title = {Logistik in der Cloud - www.gloconn.de},
	Urldate = {28.04.2011},
	Year = {2010},
	Bdsk-Url-1 = {http://www.gloconn.de/}}

@book{Fow10,
	Author = {Martin Fowler},
	Date-Added = {2011-04-28 16:21:17 +0200},
	Date-Modified = {2011-04-28 16:23:32 +0200},
	Publisher = {Addison-Wesley},
	Title = {Domain-Specific Languages},
	Year = {2011}}

@techreport{Westpol10,
	Author = {Jan Bartelsen and Johannes Brauer and Heiko Rehder},
	Date-Added = {2010-08-23 09:46:07 +0200},
	Date-Modified = {2010-08-23 09:48:08 +0200},
	Institution = {NORDAKADEMIE Hochschule der Wirtschaft},
	Month = {Juni},
	Number = {2010-03},
	Title = {Ideen f{\"u}r die Neugestaltung der Programmierausbildung durch Entwicklung von Webanwendungen},
	Type = {Arbeitspapier},
	Year = {2010}}

@techreport{Ferreira19,
	Author = {Esdras Portilho Araujo Ferreira},
	Institution = {School of Computing Dublin City University},
	Month = {November},
	Title = {Unidirectional circular dataflow architecture for real-time updates},
	Type = {Master Thesis},
	Year = {2019}}

@misc{AuDSL3-hk25,
	Author = {Hartmut Krasemann, Christoph Crasemann and Johannes Brauer},
	Date-Added = {2010-10-01 17:23:19 +0200},
	Date-Modified = {2010-10-01 17:25:19 +0200},
	Title = {Monticello-Package AuDSL3-hk25.mcz f{\"u}r Pharo 1.1},
	Year = {2010}}

@inproceedings{Ford2004,
	Address = {New York, NY, USA},
	Author = {Ford, Bryan},
	Booktitle = {POPL '04: Proceedings of the 31st ACM SIGPLAN-SIGACT symposium on Principles of programming languages},
	Doi = {http://doi.acm.org/10.1145/964001.964011},
	Isbn = {1-58113-729-X},
	Location = {Venice, Italy},
	Pages = {111--122},
	Publisher = {ACM},
	Title = {Parsing expression grammars: a recognition-based syntactic foundation},
	Year = {2004},
	Bdsk-Url-1 = {http://doi.acm.org/10.1145/964001.964011}}

@misc{Freund2010,
	Author = {Stephan Freund},
	Date-Added = {2010-09-30 10:03:34 +0200},
	Date-Modified = {2010-09-30 10:04:29 +0200},
	Howpublished = {Vortrag im Arbeitskreis Objekttechnologie Norddeutschland der HAW Hamburg (\url{http://users.informatik.haw-hamburg.de/~sarstedt/AKOT/scala-parser-combinators.pdf})},
	Month = {Juni},
	Title = {Combinator Parsing in Scala},
	Year = {2010}}

@article{Hutton92,
	Author = {Graham Hutton},
	Date-Added = {2010-09-27 16:18:07 +0200},
	Date-Modified = {2010-09-27 16:22:14 +0200},
	Journal = {Journal of Functional Programming},
	Number = {3},
	Pages = {323-- 343},
	Title = {Higher-order functions for parsing.},
	Volume = {2},
	Year = {1992}}

@book{KellyTolvanen2008,
	Author = {Kelly, S. and Tolvanen, J.-P.},
	Date-Added = {2010-09-24 13:27:19 +0200},
	Date-Modified = {2010-09-24 13:29:01 +0200},
	Publisher = {John Wiley \& Sons},
	Title = {Domain-Specific Modeling: Enabling Full Code Generation},
	Year = {2008}}

@book{Beck97,
	Address = {Upper Saddle River, NJ, USA},
	Author = {Beck, Kent},
	Isbn = {0-13-476904-X},
	Publisher = {Prentice-Hall, Inc.},
	Title = {Smalltalk: best practice patterns},
	Year = {1997}}

@inproceedings{HummEngelschall2010b,
	Author = {Bernhard G. Humm and Ralf S. Engelschall},
	Booktitle = {Proceedings of the 5th International Conference on Evaluation of Novel Approaches to Software Engineering},
	Date-Added = {2010-08-19 16:10:26 +0200},
	Date-Modified = {2010-08-19 16:12:12 +0200},
	Editor = {Pericles Loucopoulos and Leszek Maciaszek},
	Month = {Juli},
	Pages = {5-11},
	Title = {A Plea for Pluggable Programming Language Features},
	Year = {2010}}

@inproceedings{HummEngelschall2010a,
	Author = {Bernhard G. Humm and Ralf S. Engelschall},
	Booktitle = {Proceedings of the 5th International Conference on Software and Data Technologies},
	Date-Added = {2010-08-19 14:31:23 +0200},
	Date-Modified = {2010-08-19 14:41:30 +0200},
	Editor = {Jos{\'e} Cordeiro and Maria Virvou and Boris Shishkov},
	Month = {Juli},
	Pages = {279 - 287},
	Title = {Language-Oriented Programming via DSL Stacking},
	Year = {2010}}

@book{Quasar,
	Added-At = {2010-07-17T18:47:10.000+0200},
	Address = {Heidelberg},
	Biburl = {http://www.bibsonomy.org/bibtex/21e037e315ad8c3c90ae84a5f0a821911/flint63},
	Editor = {Johannes Siedersleben},
	Isbn = {978-3-89864-292-7},
	Keywords = {software v1002 book enterprise architecture},
	Publisher = {dpunkt},
	Title = {{Moderne Software-Architektur: Umsichtig planen, robust bauen mit Quasar}},
	Year = 2004}

@url{FluentInterface,
	Author = {Martin Fowler},
	Date-Added = {2010-07-30 17:46:28 +0200},
	Date-Modified = {2011-08-03 12:11:17 +0000},
	Lastchecked = {2010-07-29},
	Title = {http://martinfowler.com/bliki/FluentInterface.html},
	Url = {http://martinfowler.com/bliki/FluentInterface.html},
	Urldate = {2005-12-20},
	Bdsk-Url-1 = {http://martinfowler.com/bliki/FluentInterface.html}}

@url{Pharo,
	Author = {Marcus Denker, St{\'e}phane Ducasse, Adrian Lienhard},
	Date-Added = {2010-07-30 12:45:41 +0200},
	Date-Modified = {2011-08-03 12:11:17 +0000},
	Lastchecked = {2010-07-30},
	Month = {07},
	Title = {http://www.pharo-project.org/home},
	Url = {http://www.pharo-project.org/home},
	Urldate = {2008-07-03},
	Year = {2008},
	Bdsk-Url-1 = {http://www.pharo-project.org/home}}

@techreport{Piessens08celestijnenlaan200a,
	Author = {Frank Piessens and Adriaan Moors and Martin Odersky},
	Title = {Celestijnenlaan 200A - B-3001 Heverlee (Belgium) Parser Combinators in Scala Adriaan Moors Frank Piessens},
	Year = {2008}}

@techreport{Vis97.sglr,
	Author = {Visser, Eelco},
	Category = {key and non-refereed},
	Date-Modified = {2011-08-03 12:11:17 +0000},
	Institution = {Programming Research Group, University of Amsterdam},
	Month = {July},
	Number = {P9707},
	Project = {SDF},
	Pubcat = {techreport},
	Title = {Scannerless Generalized-{LR} Parsing},
	Url = {http://www.wins.uva.nl/pub/programming-research/reports/1997/P9707.ps.gz},
	Urlpsgz = {http://www.cs.uu.nl/people/visser/ftp/P9707.ps.gz},
	Year = {1997},
	Bdsk-Url-1 = {http://www.wins.uva.nl/pub/programming-research/reports/1997/P9707.ps.gz}}

@techreport{HuttonMeijer96,
	Author = {Graham Hutton and Erik Meijer},
	Institution = {Department of Computer Science, University of Nottingham},
	Number = {NOTTCS-TR-96-4},
	Title = {{Monadic Parser Combinators}},
	Type = {Technical Report},
	Year = 1996}

@book{OderskyEtAl2008,
	Added-At = {2009-01-19T00:11:15.000+0100},
	Author = {Martin Odersky and Lex Spoon and Bill Venners},
	Biburl = {http://www.bibsonomy.org/bibtex/2c89fcf310595c0c15c1031608d322de1/fsteeg},
	Date-Modified = {2011-08-03 12:11:17 +0000},
	Interhash = {91da25f2066d5a816d5220f7fc39807e},
	Intrahash = {c89fcf310595c0c15c1031608d322de1},
	Keywords = {diss functional programming scala},
	Publisher = {Artima},
	Title = {Programming in Scala},
	Url = {http://www.artima.com/shop/programming_in_scala},
	Year = 2008,
	Bdsk-Url-1 = {http://www.artima.com/shop/programming_in_scala}}

@article{Harel87,
	Address = {Amsterdam, The Netherlands, The Netherlands},
	Author = {Harel, David},
	Date-Modified = {2011-08-03 12:11:17 +0000},
	Doi = {http://dx.doi.org/10.1016/0167-6423(87)90035-9},
	Issn = {0167-6423},
	Journal = {Sci. Comput. Program.},
	Number = {3},
	Pages = {231--274},
	Publisher = {Elsevier North-Holland, Inc.},
	Title = {Statecharts: A visual formalism for complex systems},
	Volume = {8},
	Year = {1987},
	Bdsk-Url-1 = {http://dx.doi.org/10.1016/0167-6423(87)90035-9}}

@techreport{uml-superstructure,
	Institution = {Object Management Group (OMG)},
	Month = {February},
	Posted-At = {2009-09-02 12:30:55},
	Priority = {1},
	Title = {{UML 2.2 Superstructure Specification}},
	Year = {2009}}

@inproceedings{RenGirDucNie2010,
	Author = {Lukas Renggli and St{\'e}phane Ducasse and Tudor G{\^\i}rba and Oscar Nierstrasz},
	Booktitle = {4th Workshop on Dynamic Languages and Applications (DYLA 2010)},
	Date-Added = {2010-06-25 14:13:13 +0200},
	Date-Modified = {2010-06-25 14:15:04 +0200},
	Publisher = {ACM},
	Title = {Practical Dynamic Grammars for Dynamic Languages},
	Year = {2010}}

@inproceedings{RegGirNie10,
	Author = {Lukas Renggli and Tudor G{\^\i}rba and Oscar Nierstrasz},
	Booktitle = {ECOOP 2010: Proceedings of the 24th European Conference on Object-Oriented Programming},
	Date-Added = {2010-06-25 14:02:37 +0200},
	Date-Modified = {2010-06-25 14:05:07 +0200},
	Publisher = {Springer-Verlag},
	Title = {Embedding Languages Without Breaking Tools},
	Year = {2010}}

@article{BraCraKra08,
	Author = {Johannes Brauer and Christoph Crasemann and Hartmut Krasemann},
	Date-Added = {2010-06-25 11:33:00 +0200},
	Date-Modified = {2010-06-25 11:35:31 +0200},
	Journal = {Informatik-Spektrum},
	Month = {Dezember},
	Number = {6},
	Pages = {580 - 590},
	Title = {Auf dem Weg zu idealen Programmierwerkzeugen -- Bestandsaufnahme und Ausblick},
	Volume = {31},
	Year = {2008}}

@book{Slavin95,
	Author = {Robert E. Slavin},
	Date-Added = {2010-05-23 16:58:58 +0200},
	Date-Modified = {2010-05-23 17:00:02 +0200},
	Publisher = {Allyn and Bacon},
	Title = {Cooperative Learning: theory, research and practice},
	Year = {1995}}

@book{WirthModula89,
	Author = {Niklaus Wirth},
	Date-Added = {2010-03-29 14:43:43 +0200},
	Date-Modified = {2010-03-29 14:47:32 +0200},
	Edition = {4.},
	Publisher = {Springer Verlag},
	Title = {Programming in Modula-2},
	Year = {1989}}

@book{Seaside2010,
	Author = {St{\'e}phane Ducasse and Lukas Renggli and David C. Shaffer and Rick Zaccone},
	Date-Added = {2010-03-08 13:27:20 +0100},
	Date-Modified = {2010-03-08 13:32:17 +0100},
	Publisher = {Square Bracket Associates},
	Title = {Dynamic Web Development with Seaside},
	Year = {2010}}

@techreport{???,
	Author = {Kennich Nicht},
	Date-Added = {2010-03-08 09:56:25 +0100},
	Date-Modified = {2010-03-08 09:59:09 +0100},
	Institution = {WasWei{\ss}IchDenn???},
	Title = {Hier fehlt noch was ...},
	Year = {2050}}

@book{Htdp2003,
	Author = {Matthias Felleisen and Robert Bruce Findler and Matthew Flatt and Shriram Krishnamurthi},
	Date-Added = {2010-03-05 08:31:55 +0100},
	Date-Modified = {2010-03-05 08:34:21 +0100},
	Month = {September},
	Publisher = {The MIT Press},
	Title = {How to Design Programs},
	Year = {2003}}

@book{Sicp1999,
	Author = {Harold Abelson and Gerald Jay Sussman and Julie Sussman},
	Date-Added = {2010-03-05 08:31:55 +0100},
	Date-Modified = {2010-03-05 08:34:21 +0100},
	Publisher = {The MIT Press},
	Title = {Structure and interpretation of computer programs},
	Year = {1999}}

@book{BarnesKoelling2008,
	Author = {David J. Barnes and Michael K{\"o}lling},
	Date-Added = {2010-03-04 09:36:36 +0100},
	Date-Modified = {2010-03-04 09:38:31 +0100},
	Publisher = {Pearson Education},
	Title = {Objects First with Java},
	Year = {2008}}

@article{KoellingPatterson2003,
	Author = {K{\"o}lling, M. and Quig, B. and Patterson, A. and Rosenberg, J.},
	Date-Added = {2010-03-04 09:29:54 +0100},
	Date-Modified = {2010-03-04 09:59:59 +0100},
	Journal = {Journal of Computer Science Education},
	Keywords = {Special issue on Learning and Teaching Object},
	Month = {December},
	Number = {4},
	Title = {The BlueJ system and its pedagogy},
	Volume = {13},
	Year = {2003}}

@book{SedgewickWayne,
	Author = {Robert Sedgewick and Kevin Wayne},
	Date-Added = {2009-12-11 14:41:49 +0100},
	Date-Modified = {2009-12-11 14:44:28 +0100},
	Publisher = {Addison-Wesley},
	Title = {Introduction to Programming in Java: An Interdisciplinary Approach},
	Year = {2008}}

@book{Reges2007,
	Author = {Stuart Reges and Marty Stepp},
	Date-Added = {2009-12-11 14:38:35 +0100},
	Date-Modified = {2009-12-11 14:48:42 +0100},
	Month = {Mai},
	Publisher = {Addison-Wesley},
	Title = {Building Java Programs:A Back to Basics Approach},
	Year = {2007}}

@book{Warford,
	Author = {J. Stanley Warford},
	Date-Added = {2009-11-28 22:07:31 +0100},
	Date-Modified = {2009-11-28 22:15:59 +0100},
	Publisher = {Vieweg Verlag},
	Title = {Computing Fundamentals},
	Year = {2002}}

@book{Hug2000,
	Author = {Karlheinz Hug},
	Date-Added = {2009-11-28 21:48:03 +0100},
	Date-Modified = {2009-11-28 22:11:43 +0100},
	Year = {2000}}

@inproceedings{KnoellMezini,
	Address = {New York, NY, USA},
	Author = {Kn\"{o}ll, Roman and Mezini, Mira},
	Booktitle = {OOPSLA '09: Proceeding of the 24th ACM SIGPLAN conference on Object oriented programming systems languages and applications},
	Date-Modified = {2009-11-15 19:23:20 +0100},
	Doi = {http://doi.acm.org/10.1145/1640089.1640128},
	Isbn = {978-1-60558-766-0},
	Location = {Orlando, Florida, USA},
	Pages = {503--522},
	Publisher = {ACM},
	Title = {{\$\pi\$}: a pattern language},
	Year = {2009},
	Bdsk-Url-1 = {http://doi.acm.org/10.1145/1640089.1640128}}

@inproceedings{Reng09c,
	Author = {Lukas Renggli and Marcus Denker and Oscar Nierstrasz},
	Booktitle = {Software Language Engineering: Second International Conference, SLE 2009, Denver, Colorado, October 5-6, 2009},
	Date-Modified = {2010-09-23 14:40:33 +0200},
	Pages = {274-293},
	Publisher = {Springer},
	Series = {LNCS},
	Title = {Language Boxes: Bending the Host Language with Modular Language Changes},
	Volume = {5969},
	Year = {2009}}

@inproceedings{RenggliGirba2009,
	Author = {Lukas Renggli and Tudor Girba},
	Booktitle = {Proceedings of International Workshop on Smalltalk Technologies (IWST 2009)},
	Date-Added = {2009-11-05 11:08:00 +0100},
	Date-Modified = {2009-11-05 11:17:17 +0100},
	Publisher = {ACM Digital Library},
	Title = {Why Smalltalk Wins the Host Languages Shootout},
	Year = {2009}}

@book{Krishnamurthi,
	Author = {Shriram Krishnamurthi},
	Date-Added = {2009-09-26 19:18:45 +0200},
	Date-Modified = {2009-09-26 19:19:27 +0200},
	Publisher = {Shriram Krishnamurthi},
	Title = {Programming Languages: Application and Interpretation},
	Year = {2007}}

@book{ScottPLP,
	Author = {Michael L. Scott},
	Date-Added = {2009-09-10 10:46:58 +0200},
	Date-Modified = {2009-09-10 10:52:11 +0200},
	Edition = {2.},
	Publisher = {Morgan Kaufmann Publishers},
	Title = {Programming Language Pragmatics},
	Year = {2006}}

@article{Simons1,
	Author = {Anthony J. H. Simons},
	Date-Added = {2009-06-19 17:47:31 +0200},
	Date-Modified = {2011-08-03 12:11:17 +0000},
	Journal = {Journal of Object Technology},
	Month = {May-June},
	Number = {1},
	Pages = {55-61},
	Title = {The Theory of Classification, Part 1: Perspectives on Type Compatibility},
	Url = {http://www.jot.fm/issues/issue_2002_05/column5},
	Volume = {1},
	Year = {2002},
	Bdsk-Url-1 = {http://www.jot.fm/issues/issue_2002_05/column5}}

@book{KlaerenSperber2007,
	Author = {Herbert Klaeren and Michael Sperber},
	Date-Added = {2009-06-16 13:38:57 +0200},
	Date-Modified = {2010-03-05 08:46:52 +0100},
	Edition = {1.},
	Publisher = {B. G. Teubner},
	Title = {Die Macht der Abstraktion},
	Year = {2007}}

@book{KlaerenSperber2001,
	Author = {Herbert Klaeren and Michael Sperber},
	Date-Added = {2009-06-16 13:37:04 +0200},
	Date-Modified = {2010-03-05 08:46:41 +0100},
	Edition = {3.},
	Publisher = {B. G. Teubner},
	Title = {Vom Problem zum Programm},
	Year = {2001}}

@book{FriedmannWand,
	Author = {Daniel P. Friedman and Mitchell Wand},
	Date-Added = {2009-06-16 13:33:23 +0200},
	Date-Modified = {2009-06-17 13:55:30 +0200},
	Edition = {third},
	Publisher = {The MIT Press},
	Title = {Essentials of Programming Languages},
	Year = {2008}}

@book{KimBruce,
	Author = {Kim B. Bruce},
	Date-Added = {2009-06-16 10:58:58 +0200},
	Date-Modified = {2009-06-16 11:00:22 +0200},
	Publisher = {The MIT Press},
	Title = {Foundations of Object-Oriented Languages},
	Year = {2002}}

@book{TurbakGifford,
	Author = {Franklyn Turbak and David Gifford},
	Date-Added = {2009-06-16 10:55:55 +0200},
	Date-Modified = {2009-06-16 10:58:32 +0200},
	Publisher = {The MIT Press},
	Title = {Design Concepts in Programming Languages},
	Year = {2008}}

@inproceedings{DBLP:conf/rex/Cook90,
	Author = {William R. Cook},
	Bibsource = {DBLP, http://dblp.uni-trier.de},
	Booktitle = {REX Workshop},
	Crossref = {DBLP:conf/rex/1990},
	Date-Added = {2009-06-16 10:27:43 +0200},
	Date-Modified = {2009-06-16 10:27:43 +0200},
	Pages = {151-178},
	Title = {Object-Oriented Programming Versus Abstract Data Types},
	Year = {1990}}

@proceedings{DBLP:conf/rex/1990,
	Bibsource = {DBLP, http://dblp.uni-trier.de},
	Booktitle = {REX Workshop},
	Editor = {J. W. de Bakker and Willem P. de Roever and Grzegorz Rozenberg},
	Isbn = {3-540-53931-X},
	Publisher = {Springer},
	Series = {Lecture Notes in Computer Science},
	Title = {Foundations of Object-Oriented Languages, REX School/Workshop, Noordwijkerhout, The Netherlands, May 28 - June 1, 1990, Proceedings},
	Volume = {489},
	Year = {1991}}

@article{DBLP:journals/sigplan/Meek94a,
	Author = {Brian L. Meek},
	Bibsource = {DBLP, http://dblp.uni-trier.de},
	Date-Added = {2009-06-16 09:30:57 +0200},
	Date-Modified = {2009-06-16 09:30:57 +0200},
	Journal = {SIGPLAN Notices},
	Number = {9},
	Pages = {159-167},
	Title = {A taxonomy of datatypes},
	Volume = {29},
	Year = {1994},
	Bdsk-Url-1 = {http://doi.acm.org/10.1145/185009.185042}}

@article{CardelliWegner,
	Author = {Luca Cardelli and Peter Wegner},
	Bibsource = {DBLP, http://dblp.uni-trier.de},
	Date-Added = {2009-06-16 09:29:28 +0200},
	Date-Modified = {2009-10-27 10:51:16 +0100},
	Journal = {ACM Comput. Surv.},
	Number = {4},
	Pages = {471-522},
	Title = {On Understanding Types, Data Abstraction, and Polymorphism},
	Volume = {17},
	Year = {1985}}

@inproceedings{DBLP:conf/dagstuhl/Jacobs95,
	Author = {Bart Jacobs},
	Bibsource = {DBLP, http://dblp.uni-trier.de},
	Booktitle = {Object Orientation with Parallelism and Persistence},
	Date-Added = {2009-06-16 09:28:21 +0200},
	Date-Modified = {2009-06-16 09:28:21 +0200},
	Pages = {83-103},
	Title = {Objects and Classes, Co-Algebraically},
	Year = {1995}}

@article{DBLP:journals/toplas/MitchellP88,
	Author = {John C. Mitchell and Gordon D. Plotkin},
	Bibsource = {DBLP, http://dblp.uni-trier.de},
	Date-Added = {2009-06-16 09:24:42 +0200},
	Date-Modified = {2009-06-16 09:24:42 +0200},
	Journal = {ACM Trans. Program. Lang. Syst.},
	Number = {3},
	Pages = {470-502},
	Title = {Abstract Types Have Existential Type},
	Volume = {10},
	Year = {1988},
	Bdsk-Url-1 = {http://doi.acm.org/10.1145/44501.45065}}

@inproceedings{DBLP:conf/lfp/AdamsR88,
	Author = {Norman Adams and Jonathan Rees},
	Bibsource = {DBLP, http://dblp.uni-trier.de},
	Booktitle = {LISP and Functional Programming},
	Date-Added = {2009-06-16 09:16:42 +0200},
	Date-Modified = {2009-06-16 09:16:42 +0200},
	Pages = {277-288},
	Title = {Object-Oriented Programming in Scheme},
	Year = {1988},
	Bdsk-Url-1 = {http://doi.acm.org/10.1145/62678.62720}}

@techreport{BartBra08,
	Author = {Jan Bartelsen and Johannes Brauer},
	Date-Added = {2009-04-19 15:42:48 +0200},
	Date-Modified = {2009-04-19 16:11:01 +0200},
	Institution = {NORDAKADEMIE Hochschule der Wirtschaft},
	Month = {Oktober},
	Number = {2008-6},
	Title = {Kooperatives Lernen mit moodle in der Programmierausbildung},
	Type = {Arbeitspapier},
	Year = {2008}}

@techreport{BB10,
	Author = {Jan Bartelsen and Johannes Brauer},
	Date-Added = {2009-04-19 15:42:48 +0200},
	Date-Modified = {2009-04-19 16:11:01 +0200},
	Institution = {NORDAKADEMIE Hochschule der Wirtschaft},
	Month = {M{\"a}rz},
	Number = {2010-1},
	Title = {Kooperatives Lernen mit einem Wiki},
	Type = {Arbeitspapier},
	Year = {2010}}

@techreport{BBR10,
	Author = {Jan Bartelsen and Johannes Brauer and Heiko Rehder},
	Date-Added = {2010-06-02 15:42:48 +0200},
	Date-Modified = {2010-06-02 16:11:01 +0200},
	Institution = {NORDAKADEMIE Hochschule der Wirtschaft},
	Month = {Juni},
	Number = {2010-02},
	Title = {Abschlussbericht f{\"u}r das Projekt NORDPOL},
	Type = {Arbeitspapier},
	Year = {2010}}

@techreport{KBC10,
	Author = {Hartmut Krasemann, Johannes Brauer and Christoph Crasemann},
	Date-Added = {2010-06-20 15:42:48 +0200},
	Date-Modified = {2010-06-20 16:11:01 +0200},
	Institution = {NORDAKADEMIE Hochschule der Wirtschaft},
	Month = {August},
	Number = {2010-08},
	Title = {Eine DSL f{\"u}r Harel-Statecharts mit PetitParser},
	Type = {Arbeitspapier},
	Year = {2010}}

@techreport{KBC12,
	Author = {Hartmut Krasemann, Johannes Brauer and Christoph Crasemann},
	Date-Added = {2010-06-20 15:42:48 +0200},
	Date-Modified = {2010-06-20 16:11:01 +0200},
	Institution = {NORDAKADEMIE Hochschule der Wirtschaft},
	Month = {M{\"a}rz},
	Number = {2012-04},
	Title = {SStDSL, eine DSL f{\"u}r Schnittstellen mit PetitParser},
	Type = {Arbeitspapier},
	Year = {2012}}

@techreport{Bra09,
	Author = {Johannes Brauer},
	Date-Added = {2009-09-04 09:42:48 +0200},
	Date-Modified = {2009-09-04 10:11:01 +0200},
	Institution = {NORDAKADEMIE Hochschule der Wirtschaft},
	Month = {Juni},
	Number = {2009-05},
	Title = {Typen, {Objekte}, {Klassen} -- {Teil} 1: {Grundlagen}},
	Type = {Arbeits\-papier},
	Year = {2009}}

@techreport{Bra10,
	Author = {Johannes Brauer},
	Date-Added = {2009-09-04 09:42:48 +0200},
	Date-Modified = {2009-09-04 10:11:01 +0200},
	Institution = {NORDAKADEMIE Hochschule der Wirtschaft},
	Month = {Mai},
	Number = {2010-05},
	Title = {Typen, {Objekte}, {Klassen} -- {Teil} 2: {Sichtweisen auf Typen}},
	Type = {Arbeits\-papier},
	Year = {2009}}

@book{Bra08,
	Author = {Brauer, Johannes},
	Date-Added = {2009-04-17 14:41:48 +0200},
	Date-Modified = {2009-04-17 14:42:39 +0200},
	Edition = {3.},
	Publisher = {Vieweg+Teubner Verlag},
	Title = {Grundkurs Smalltalk - Objektorientierung von Anfang an},
	Year = 2008}

@misc{Seaside,
	Author = {Seaside},
	Date-Added = {2008-07-03 16:37:07 +0200},
	Date-Modified = {2013-08-24 16:19:32 +0000},
	Lastchecked = {2013-08-01},
	Note = {zuletzt aufgerufen am 1. 8. 2013},
	Title = {Stairway to Agile Web},
	Url = {http://www.seaside.st/},
	Year = {2013},
	Bdsk-Url-1 = {http://www.seaside.st/}}

@misc{Ruby,
	Author = {Ruby},
	Date-Added = {2008-07-03 15:52:34 +0200},
	Date-Modified = {2011-08-03 12:11:18 +0000},
	Note = {zuletzt aufgerufen am 25. 8. 2013},
	Title = {A Programmers's Best Friend},
	Url = {http://www.ruby-lang.org/de/about/},
	Year = {2013},
	Bdsk-Url-1 = {http://www.ruby-lang.org/de/},
	Bdsk-Url-2 = {http://www.ruby-lang.org/de/about/}}

@misc{RubyonRails,
	Author = {Rails},
	Date-Added = {2008-07-03 15:46:41 +0200},
	Date-Modified = {2011-08-03 12:11:18 +0000},
	Note = {zuletzt aufgerufen am 25. 8. 2013},
	Title = {Web development that doesn't hurt},
	Url = {http://rubyonrails.org},
	Year = {2013},
	Bdsk-Url-1 = {http://www.rubyonrails.org/},
	Bdsk-Url-2 = {http://rubyonrails.org}}

@book{LinkTestFirst,
	Author = {Johannes Link},
	Date-Added = {2008-07-01 21:49:59 +0200},
	Date-Modified = {2008-07-01 21:51:03 +0200},
	Publisher = {dpunkt.verlag},
	Title = {Unit Tests mit Java. Der Test-First-Ansatz},
	Year = {2002}}

@book{BeckTDD,
	Author = {Kent Beck},
	Date-Added = {2008-07-01 21:46:13 +0200},
	Date-Modified = {2008-07-01 21:47:58 +0200},
	Publisher = {Addison-Wesley},
	Title = {Test-Driven Development by Example},
	Year = {2003}}

@misc{BeckSUnit,
	Author = {Kent Beck},
	Date-Added = {2008-06-27 21:15:20 +0200},
	Date-Modified = {2011-08-03 12:11:18 +0000},
	Institution = {First Class Software, Inc.},
	Note = {zuletzt aufgerufen am 25. 8. 2013},
	Title = {Simple Smalltalk Testing: With Patterns},
	Url = {http://www.xprogramming.com/testfram.htm},
	Year = {2013},
	Bdsk-Url-1 = {http://www.xprogramming.com/testfram.htm}}

@misc{SUnit,
	Author = {SUnit},
	Date-Added = {2008-06-27 14:41:39 +0200},
	Date-Modified = {2011-08-03 12:11:18 +0000},
	Note = {zuletzt aufgerufen am 25. 8. 2013},
	Title = {The mother of all unit testing frameworks},
	Url = {http://sunit.sourceforge.net/},
	Urldate = {27.6.2008},
	Year = {2013},
	Bdsk-Url-1 = {http://sunit.sourceforge.net/%20},
	Bdsk-Url-2 = {http://sunit.sourceforge.net/}}

@book{Spillner,
	Author = {Andreas Spillner and Thomas Ro{\ss}ner and Mario Winter and Tilo Linz},
	Date-Added = {2008-06-27 12:07:49 +0200},
	Date-Modified = {2008-06-27 12:09:46 +0200},
	Publisher = {dpunkt.verlag},
	Title = {Praxiswissen Softwaretest},
	Year = {2006}}

@book{Liggesmeyer,
	Author = {Peter Liggesmeyer},
	Date-Added = {2008-06-27 11:45:25 +0200},
	Date-Modified = {2008-06-27 11:49:01 +0200},
	Publisher = {Spektrum-Verlag},
	Title = {Software-Qualit{\"a}t},
	Year = {2002}}

@article{BraCraKra,
	Author = {Johannes Brauer and Christoph Crasemann and Hartmut Krasemann},
	Date-Added = {2008-06-19 09:53:47 +0200},
	Date-Modified = {2008-06-19 09:56:39 +0200},
	Journal = {Informatik-Spektrum},
	Title = {Auf dem Weg zu idealen Programmierwerkzeugen -- Bestandsaufnahme und Ausblick},
	Volume = {online first},
	Year = {2007}}

@inproceedings{VanRoy2006,
	Author = {Peter Van Roy},
	Booktitle = {Functional and Logic Programming},
	Date-Added = {2008-06-18 18:39:08 +0200},
	Date-Modified = {2008-06-18 18:43:50 +0200},
	Publisher = {Springer-Verlag},
	Series = {Lecture Notes in Computer Science},
	Title = {Convergence in Language Design: A Case of Lightning Striking Four Times in the Same Place},
	Volume = {3945/2006},
	Year = {2006}}

@techreport{STEPS2007,
	Author = {Alan Kay and Ian Piumarta and Kim Rose and Dan Ingalls},
	Date-Added = {2008-06-18 18:24:39 +0200},
	Date-Modified = {2008-06-18 18:33:52 +0200},
	Institution = {Viewpoints Research Institute},
	Month = {December},
	Title = {STEPS Toward The Reinvention of Programming},
	Year = {2007}}

@book{PepperHofstedt,
	Author = {Peter Pepper and Petra Hofstedt},
	Date-Added = {2008-05-09 08:19:32 +0200},
	Date-Modified = {2008-05-09 08:21:17 +0200},
	Publisher = {Springer-Verlag},
	Title = {Funktionale Programmierung},
	Year = {2006}}

@book{SeemannGudenberg,
	Author = {Jochen Seemann and J\"{u}rgen {Wolff von Gudenberg}},
	Date-Modified = {2008-05-09 08:19:40 +0200},
	Isbn = {3540309497},
	Publisher = {Springer-Verlag},
	Title = {Software-Entwurf mit UML 2: Objektorientierte Modellierung mit Beispielen in Java (Xpert.press)},
	Year = {2006}}

@book{ReiserWirth,
	Author = {Martin Reiser and Niklaus Wirth},
	Date-Added = {2008-05-08 22:41:06 +0200},
	Date-Modified = {2008-05-08 23:07:56 +0200},
	Publisher = {Addison-Wesley},
	Read = {Yes},
	Title = {Programmieren in Oberon, Das neue PASCAL},
	Year = {1994}}

@book{Preim,
	Author = {Bernhard Preim},
	Date-Added = {2008-05-08 22:37:33 +0200},
	Date-Modified = {2008-05-08 22:40:26 +0200},
	Publisher = {Springer-Verlag},
	Title = {Entwicklung interaktiver Systeme - Grundlagen, Fallbeispiele und innovative Anwendungsfelder},
	Year = {1999}}

@book{Oestereich2001,
	Author = {Bernd Oestereich},
	Date-Added = {2008-05-08 22:29:36 +0200},
	Date-Modified = {2008-05-08 22:35:12 +0200},
	Edition = {7. Auflage},
	Publisher = {Oldenbourg Wissenschaftsverlag},
	Title = {Objektorientierte Softwareentwicklung: Analyse und Design mit der UML 2.0},
	Year = {2005}}

@book{Moessenboeck,
	Author = {Hanspeter M{\"o}ssenb{\"o}ck},
	Date-Added = {2008-05-08 22:24:10 +0200},
	Date-Modified = {2009-11-28 21:40:23 +0100},
	Edition = {2.},
	Publisher = {Springer-Verlag GmbH},
	Title = {Objektorientierte Programmierung in Oberon-2},
	Year = {1994}}

@article{MayrMaas,
	Author = {Heinrich C. Mayr and J{\"o}rg Maas},
	Date-Added = {2008-05-08 22:21:16 +0200},
	Date-Modified = {2008-05-09 09:53:20 +0200},
	Journal = {Informatik-Spektrum},
	Month = {Juni},
	Number = {3},
	Pages = {177-186},
	Title = {Perspektiven der Informatik},
	Volume = {25},
	Year = {2002}}

@book{HopkinsHoran,
	Address = {Inzwischen nicht mehr im Druck ber im World Wide Web verf{\"u}gbar unter: http://stephane.ducasse.free.fr/FreeBooks},
	Author = {Trevor Hopkins and Bernard Horan},
	Date-Added = {2008-05-08 16:58:41 +0200},
	Date-Modified = {2008-05-09 09:53:03 +0200},
	Publisher = {Prentice Hall},
	Title = {Smalltalk -- An Introduction to Application Development Using VisualWorks},
	Year = {1995}}

@book{Herczeg,
	Author = {Michael Herczeg},
	Date-Added = {2008-05-08 16:54:03 +0200},
	Date-Modified = {2008-05-08 16:57:05 +0200},
	Edition = {2. Auflage},
	Publisher = {Oldenbourg},
	Title = {Software-Ergonomie -- Grundlagen der Mensch-Computer-Kommunikation},
	Year = {2005}}

@book{Ernst,
	Author = {Hartmut Ernst},
	Date-Added = {2008-05-08 16:50:16 +0200},
	Date-Modified = {2008-05-09 13:28:00 +0200},
	Edition = {4. Auflage},
	Publisher = {Vieweg+Teubner Verlag},
	Title = {Grundkurs Informatik},
	Year = {2008}}

@book{Goldberg83,
	Author = {Adele Goldberg},
	Date-Added = {2008-05-08 16:45:42 +0200},
	Date-Modified = {2008-05-08 16:45:42 +0200},
	Publisher = {Addison-Wesley Publishers},
	Title = {Smalltalk-80: The Interactive Programming Environment},
	Year = {1983}}

@book{Goldberg89,
	Author = {Adele Goldberg and David Robson},
	Date-Added = {2008-05-08 16:43:22 +0200},
	Date-Modified = {2008-05-09 09:52:41 +0200},
	Publisher = {Addison-Wesley Publishing Company},
	Title = {Smalltalk-80: The Language},
	Year = {1989}}

@book{Fowler,
	Author = {Martin Fowler},
	Date-Added = {2008-05-08 16:38:02 +0200},
	Date-Modified = {2008-05-08 16:41:12 +0200},
	Publisher = {Addison-Wesley Verlag},
	Title = {Refactoring -- Wie Sie das Design vorhandener Software verbessern.},
	Year = {2000}}

@book{DahlDijkstraHoare,
	Author = {Ole-Johan Dahl and Edsger Wybe Dijkstra and Charles Antony Richard Hoare},
	Date-Added = {2008-05-08 16:26:58 +0200},
	Date-Modified = {2008-05-09 09:51:48 +0200},
	Publisher = {Academic Press},
	Title = {Structured Programming},
	Year = {1972}}

@book{Beck,
	Author = {Kent Beck},
	Date-Added = {2008-05-08 16:22:38 +0200},
	Date-Modified = {2008-05-08 16:26:06 +0200},
	Publisher = {Prentice Hall},
	Title = {Smalltalk Best Practice Patterns},
	Year = {1997}}

@manual{Cincom2003,
	Address = {Bestandteil der Online-Dokumentation von VisualWorks Version 7.6},
	Author = {Cincom Systems, Inc.},
	Date-Added = {2008-05-08 16:11:55 +0200},
	Date-Modified = {2008-05-08 16:21:44 +0200},
	Publisher = {Cincom Systems, Inc.},
	Title = {Application Developer's Guide.},
	Year = {2008}}

@manual{Cincom2013,
	Address = {Bestandteil der Online-Dokumentation von VisualWorks},
	Author = {Cincom Systems, Inc.},
	Date-Added = {2013-15-07 16:11:55 +0200},
	Date-Modified = {20013-25-07 16:21:44 +0200},
	Edition = {7.10},
	Publisher = {Cincom Systems, Inc.},
	Title = {Application Developer's Guide.},
	Year = {2013}}

@manual{CincomToolGuide2013,
	Address = {Bestandteil der Online-Dokumentation von VisualWorks},
	Author = {Cincom Systems, Inc.},
	Date-Added = {2013-08-01 16:11:55 +0200},
	Date-Modified = {20013-08-01 16:21:44 +0200},
	Edition = {7.10},
	Publisher = {Cincom Systems, Inc.},
	Title = {Tool Guide.},
	Year = {2013}}

@manual{CincomGuiDevelop,
	Address = {Bestandteil der Online-Dokumentation von VisualWorks Version 7.6},
	Author = {Cincom Systems, Inc.},
	Date-Added = {2008-05-08 16:06:39 +0200},
	Date-Modified = {2008-05-08 16:21:28 +0200},
	Publisher = {Cincom Systems, Inc.},
	Title = {GUI Developer's Guide},
	Year = {2008}}

@manual{CincomGuiDevelop2012,
	Address = {Bestandteil der Online-Dokumentation von VisualWorks},
	Author = {Cincom Systems, Inc.},
	Date-Added = {2013-08-01 16:06:39 +0200},
	Date-Modified = {2013-08-01 16:21:28 +0200},
	Edition = {7.9},
	Publisher = {Cincom Systems, Inc.},
	Title = {GUI Developer's Guide},
	Year = {2012}}

@manual{CincomDBA,
	Address = {Bestandteil der Online-Dokumentation von VisualWorks Version 7.6},
	Author = {Cincom Systems, Inc.},
	Date-Added = {2008-05-08 16:01:18 +0200},
	Date-Modified = {2008-05-08 16:21:12 +0200},
	Publisher = {Cincom Systems, Inc.},
	Title = {Database Application Developer's Guide.},
	Year = {2008}}

@manual{CincomDBA2013,
	Address = {Bestandteil der Online-Dokumentation von VisualWorks},
	Author = {Cincom Systems, Inc.},
	Date-Added = {2013-08-01 16:01:18 +0200},
	Date-Modified = {2013-08-01 16:21:12 +0200},
	Edition = {7.10},
	Publisher = {Cincom Systems, Inc.},
	Title = {Database Application Developer's Guide.},
	Year = {2013}}

@manual{CincomStore,
	Address = {Bestandteil der Online-Dokumentation von VisualWorks Version 7.5},
	Author = {Cincom Systems, Inc.},
	Date-Added = {2008-05-08 15:55:25 +0200},
	Date-Modified = {2008-05-08 16:20:56 +0200},
	Publisher = {Cincom Systems, Inc.},
	Title = {Source Code Management Guide},
	Year = {2007}}

@manual{CincomStore2013,
	Address = {Bestandteil der Online-Dokumentation von VisualWorks},
	Author = {Cincom Systems, Inc.},
	Date-Added = {2013-08-01 15:55:25 +0200},
	Date-Modified = {2013-08-01 16:20:56 +0200},
	Edition = {7.10},
	Publisher = {Cincom Systems, Inc.},
	Title = {Source Code Management Guide},
	Year = {2013}}

@manual{Cincom2003Walkthrough,
	Address = {Bestandteil der Online-Dokumentation von VisualWorks Version 7.6},
	Author = {Cincom Systems, Inc.},
	Date-Added = {2008-05-08 15:29:14 +0200},
	Date-Modified = {2008-05-08 16:20:39 +0200},
	Publisher = {Cincom Systems, Inc.},
	Title = {VisualWorks Walk Through},
	Year = {2005}}

@manual{Cincom2011Walkthrough,
	Address = {Bestandteil der Online-Dokumentation von VisualWorks},
	Author = {Cincom Systems, Inc.},
	Date-Added = {2013-08-01 15:29:14 +0200},
	Date-Modified = {2013-08-01 16:20:39 +0200},
	Edition = {7.8},
	Publisher = {Cincom Systems, Inc.},
	Title = {VisualWorks Walk Through},
	Year = {2011}}

@book{Balzert2001,
	Author = {Helmut Balzert},
	Date-Added = {2008-05-08 15:02:12 +0200},
	Date-Modified = {2008-05-09 09:59:54 +0200},
	Edition = {2. Auflage},
	Publisher = {Elsevier-Verlag},
	Title = {Lehrbuch der Software-Technik},
	Volume = {1},
	Year = {2001}}

@book{Alpert,
	Author = {Sherman Alpert and Kyle Brown and Bobby Woolf},
	Date-Added = {2008-05-08 14:47:31 +0200},
	Date-Modified = {2008-05-09 10:05:25 +0200},
	Edition = {1},
	Publisher = {Addison-Wesley Addison Wesley Professional},
	Series = {Software Patterns Series},
	Title = {The Design Patterns Smalltalk Companion},
	Year = {1998}}

@article{LiwuLi,
	Author = {Liwu Li},
	Date-Added = {2008-04-13 16:40:27 +0200},
	Date-Modified = {2008-04-13 16:43:43 +0200},
	Journal = {Journal of Object Technology},
	Month = {Juli-August},
	Number = {7},
	Pages = {101-120},
	Title = {Extending the Java Language with Dynamic Classification},
	Volume = {3},
	Year = {2004}}

@book{E.-Gamma:1995pd,
	Author = {Erich Gamma and Richard Helm and Ralph Johnson and John Vlissides},
	Date-Added = {2008-03-29 23:54:20 +0100},
	Date-Modified = {2008-05-09 09:40:49 +0200},
	Publisher = {Addison-Wesley},
	Title = {Design Patterns: Elements of Reusable Object-Oriented Software},
	Year = {1995}}

@article{514955,
	Address = {New York, NY, USA},
	Author = {Sophia Drossopoulou and Ferruccio Damiani and Mariangiola Dezani-Ciancaglini and Paola Giannini},
	Date-Modified = {2008-04-16 10:45:08 +0200},
	Doi = {http://doi.acm.org/10.1145/514952.514955},
	Issn = {0164-0925},
	Journal = {ACM Trans. Program. Lang. Syst.},
	Number = {2},
	Pages = {153--191},
	Publisher = {ACM},
	Title = {More dynamic object reclassification: Fickle\&par;},
	Volume = {24},
	Year = {2002},
	Bdsk-Url-1 = {http://doi.acm.org/10.1145/514952.514955}}

@inproceedings{DBLP:conf/cd/Costanza02,
	Author = {Pascal Costanza},
	Bibsource = {DBLP, http://dblp.uni-trier.de},
	Booktitle = {Component Deployment},
	Crossref = {DBLP:conf/cd/2002},
	Ee = {http://link.springer.de/link/service/series/0558/bibs/2370/23700125.htm},
	Pages = {125-140},
	Title = {Dynamic Replacement of Active Objects in the Gilgul Programming Language},
	Year = {2002}}

@proceedings{DBLP:conf/cd/2002,
	Bibsource = {DBLP, http://dblp.uni-trier.de},
	Booktitle = {Component Deployment},
	Editor = {Judy M. Bishop},
	Isbn = {3-540-43847-5},
	Publisher = {Springer},
	Series = {Lecture Notes in Computer Science},
	Title = {Component Deployment, IFIP/ACM Working Conference, CD 2002, Berlin, Germany, June 20-21, 2002, Proceedings},
	Volume = {2370},
	Year = {2002}}

@inproceedings{tipoC-DDG:ICTCS-03,
	Author = {Ferruccio Damiani and Sophia Drossopoulou and Paola Giannini},
	Booktitle = {ICTCS'03},
	Date-Modified = {2011-08-03 12:11:18 +0000},
	Pages = {97--110},
	Publisher = {Springer},
	Series = {LNCS 2841},
	Tag = {ICTCS'03, LNCS 2841, pages 97-110, Springer},
	Title = {Refined Effects for Unanticipated Object Re-classification: Fickle3 (Extended Abstract)},
	Url = {http://www.di.unito.it/~damiani/papers/ictcs03.html},
	Year = {2003},
	Bdsk-Url-1 = {http://www.di.unito.it/~damiani/papers/ictcs03.html}}

@article{Wirth1971,
	Address = {New York, NY, USA},
	Author = {Niklaus Wirth},
	Date-Modified = {2011-08-03 12:11:18 +0000},
	Doi = {http://doi.acm.org/10.1145/362575.362577},
	Issn = {0001-0782},
	Journal = {Commun. ACM},
	Number = {4},
	Pages = {221--227},
	Publisher = {ACM},
	Title = {Program development by stepwise refinement},
	Volume = {14},
	Year = {1971},
	Bdsk-Url-1 = {http://doi.acm.org/10.1145/362575.362577}}

@article{DucasseSeaside,
	Address = {Los Alamitos, CA, USA},
	Author = {St\'{e}phane Ducasse and Adrian Lienhard and Lukas Renggli},
	Date-Modified = {2011-08-03 12:11:18 +0000},
	Doi = {http://dx.doi.org/10.1109/MS.2007.144},
	Issn = {0740-7459},
	Journal = {IEEE Softw.},
	Number = {5},
	Pages = {56--63},
	Publisher = {IEEE Computer Society Press},
	Title = {Seaside: A Flexible Environment for Building Dynamic Web Applications},
	Volume = {24},
	Year = {2007},
	Bdsk-Url-1 = {http://dx.doi.org/10.1109/MS.2007.144}}

@book{ITS08,
	Abstract = {Seaside is a Web development framework implemented in
	Smalltalk. It allows the easy creation of powerful Web applications 
	using high level abstractions on the application components and on 
	the underlying hypertext transfer protocol. In doing so, it builds 
	upon the strengths of the Smalltalk object-oriented programming language 
	and transcends many of the common practices needed in other, less dynamic 
	languages. This book explains the major concepts of Seaside in a clear 
	and intuitive style. A working example of a ToDo List application is 
	developed to illustrate the framework''s important concepts that build 
	upon each other in an orderly progression. Besides the notions of users, 
	tasks, components, forms and deployment, additional topics such as 
	persistence, Ajax and Magritte are also discussed.},
	Author = {Michael Perscheid and David Tibbe and Martin Beck and Stefan Berger and Peter Osburg and Jeff Eastman and Michael Haupt and Robert Hirschfeld},
	Date-Modified = {2011-08-03 12:11:18 +0000},
	Publisher = {Software Architecture Group (Hasso-Plattner-Institut)},
	Title = {An Introduction to Seaside},
	Url = {http://www.hpi.uni-potsdam.de/swa/seaside/tutorial},
	Year = {2008},
	Bdsk-Url-1 = {http://www.hpi.uni-potsdam.de/swa/seaside/tutorial}}

@article{GoldbergLearningWorks,
	Address = {New York, NY, USA},
	Author = {Goldberg,, Adele and Abell,, Steven T. and Leibs,, David},
	Date-Modified = {2009-04-17 13:35:35 +0200},
	Doi = {http://doi.acm.org/10.1145/262793.262808},
	Issn = {0001-0782},
	Journal = {Commun. ACM},
	Number = {10},
	Pages = {78--81},
	Publisher = {ACM},
	Title = {The LearningWorks development and delivery frameworks},
	Volume = {40},
	Year = {1997},
	Bdsk-Url-1 = {http://doi.acm.org/10.1145/262793.262808}}

@misc{Bartelsen08,
	Author = {Bartelsen, Jan-Ivar},
	Howpublished = {Master-Thesis an der FernUniversit{\"a}t Hagen},
	Title = {Entwurf einer kooperativen Lehrveranstaltung in moodle f{\"u}r die Grundausbildung in der Programmierung},
	Year = {2008}}

@book{Bra04,
	Author = {Brauer, Johannes},
	Edition = {2.},
	Publisher = {Vieweg Verlag},
	Title = {Grundkurs Smalltalk - Objektorientierung von Anfang an},
	Year = {2004}}

@article{McCarthy1960,
	Acmid = {367199},
	Address = {New York, NY, USA},
	Author = {McCarthy, John},
	Doi = {10.1145/367177.367199},
	Issn = {0001-0782},
	Issue_Date = {April 1960},
	Journal = {Commun. ACM},
	Month = apr,
	Number = {4},
	Numpages = {12},
	Pages = {184--195},
	Publisher = {ACM},
	Title = {Recursive Functions of Symbolic Expressions and Their Computation by Machine, Part I},
	Url = {http://doi.acm.org/10.1145/367177.367199},
	Volume = {3},
	Year = {1960},
	Bdsk-Url-1 = {http://doi.acm.org/10.1145/367177.367199},
	Bdsk-Url-2 = {https://doi.org/10.1145/367177.367199}}

@inproceedings{Ritchie1993,
	Address = {New York, NY, USA},
	Author = {Ritchie, Dennis M.},
	Booktitle = {HOPL-II: The second ACM SIGPLAN conference on History of programming languages},
	Date-Modified = {2009-07-01 10:08:17 +0200},
	Doi = {http://doi.acm.org/10.1145/154766.155580},
	Isbn = {0-89791-570-4},
	Location = {Cambridge, Massachusetts, United States},
	Pages = {201--208},
	Publisher = {ACM},
	Title = {The development of the C language},
	Year = {1993},
	Bdsk-Url-1 = {http://doi.acm.org/10.1145/154766.155580}}

@article{Hu2008,
	Address = {New York, NY, USA},
	Author = {Hu, Chenglie},
	Date-Modified = {2009-12-11 14:16:28 +0100},
	Doi = {http://doi.acm.org/10.1145/1325555.1325560},
	Issn = {0001-0782},
	Journal = {Commun. ACM},
	Number = {3},
	Pages = {19--21},
	Publisher = {ACM},
	Title = {Just say 'A Class Defines a Data Type'},
	Volume = {51},
	Year = {2008},
	Bdsk-Url-1 = {http://doi.acm.org/10.1145/1325555.1325560}}

@article{Hu2005,
	Address = {New York, NY, USA},
	Author = {Hu, Chenglie},
	Date-Modified = {2011-08-03 12:11:18 +0000},
	Doi = {http://doi.acm.org/10.1145/1042091.1042126},
	Issn = {0001-0782},
	Journal = {Commun. ACM},
	Number = {2},
	Pages = {99--101},
	Publisher = {ACM},
	Title = {Dataless objects considered harmful},
	Volume = {48},
	Year = {2005},
	Bdsk-Url-1 = {http://doi.acm.org/10.1145/1042091.1042126}}

@article{Reges2006,
	Address = {New York, NY, USA},
	Author = {Reges, Stuart},
	Date-Modified = {2011-08-03 12:11:18 +0000},
	Doi = {http://doi.acm.org/10.1145/1124706.1121432},
	Issn = {0097-8418},
	Journal = {SIGCSE Bull.},
	Number = {1},
	Pages = {293--297},
	Publisher = {ACM},
	Title = {Back to basics in CS1 and CS2},
	Volume = {38},
	Year = {2006},
	Bdsk-Url-1 = {http://doi.acm.org/10.1145/1124706.1121432}}

@article{Wright2009,
	Address = {New York, NY, USA},
	Author = {Wright, Alex},
	Date-Modified = {2011-08-03 12:11:18 +0000},
	Doi = {http://doi.acm.org/10.1145/1610252.1610260},
	Issn = {0001-0782},
	Journal = {Commun. ACM},
	Number = {12},
	Pages = {16--17},
	Publisher = {ACM},
	Title = {Ready for a Web OS?},
	Volume = {52},
	Year = {2009},
	Bdsk-Url-1 = {http://doi.acm.org/10.1145/1610252.1610260}}

@issue{CACM12-2009,
	Address = {New York, NY, USA},
	Date-Modified = {2010-03-08 14:50:04 +0100},
	Issn = {0001-0782},
	Issue_Date = {December 2009},
	Issue_Description = {Finding the Fun in Computer Science Education},
	Journal = {Commun. ACM},
	Keywords = {Finding the Fun in Computer Science Education},
	Number = {12},
	Publisher = {ACM},
	Volume = {52}}

@inproceedings{JanzenSaiedian2008,
	Address = {New York, NY, USA},
	Author = {Janzen, David and Saiedian, Hossein},
	Booktitle = {SIGCSE '08: Proceedings of the 39th SIGCSE technical symposium on Computer science education},
	Date-Modified = {2011-08-03 12:11:18 +0000},
	Doi = {http://doi.acm.org/10.1145/1352135.1352315},
	Isbn = {978-1-59593-799-5},
	Location = {Portland, OR, USA},
	Pages = {532--536},
	Publisher = {ACM},
	Title = {Test-driven learning in early programming courses},
	Year = {2008},
	Bdsk-Url-1 = {http://doi.acm.org/10.1145/1352135.1352315}}

@inproceedings{SteppMillerKirst2009,
	Address = {New York, NY, USA},
	Author = {Stepp, Marty and Miller, Jessica and Kirst, Victoria},
	Booktitle = {SIGCSE '09: Proceedings of the 40th ACM technical symposium on Computer science education},
	Date-Modified = {2011-08-03 12:11:18 +0000},
	Doi = {http://doi.acm.org/10.1145/1508865.1508908},
	Isbn = {978-1-60558-183-5},
	Location = {Chattanooga, TN, USA},
	Pages = {121--125},
	Publisher = {ACM},
	Title = {A "CS 1.5" introduction to web programming},
	Year = {2009},
	Bdsk-Url-1 = {http://doi.acm.org/10.1145/1508865.1508908}}

@article{Simula,
	Address = {New York, NY, USA},
	Author = {Dahl, Ole-Johan and Nygaard, Kristen},
	Date-Modified = {2011-08-03 12:11:18 +0000},
	Doi = {http://doi.acm.org/10.1145/365813.365819},
	Issn = {0001-0782},
	Journal = {Commun. ACM},
	Number = {9},
	Pages = {671--678},
	Publisher = {ACM},
	Title = {SIMULA: an ALGOL-based simulation language},
	Volume = {9},
	Year = {1966},
	Bdsk-Url-1 = {http://doi.acm.org/10.1145/365813.365819}}

@article{Parnas72,
	Address = {New York, NY, USA},
	Author = {Parnas, D. L.},
	Date-Modified = {2011-08-03 12:11:18 +0000},
	Doi = {http://doi.acm.org/10.1145/361598.361623},
	Issn = {0001-0782},
	Journal = {Commun. ACM},
	Number = {12},
	Pages = {1053--1058},
	Publisher = {ACM},
	Title = {On the criteria to be used in decomposing systems into modules},
	Volume = {15},
	Year = {1972},
	Bdsk-Url-1 = {http://doi.acm.org/10.1145/361598.361623}}

@misc{Nonaka98,
	Author = {Nonaka, Ikujiro and Konno, Noboru},
	Note = {erschienen in der California Management Review, Vol. 40 No.3 Spring 1998, p. 40 - 54, online abrufbar unter \url{http://home.business.utah.edu/actme/7410/Nonaka\%201998.pdf}, zuletzt abgerufen am 23. M{\"a}rz 2010},
	Title = {The concept of "`Ba"'},
	Year = {1998}}

@misc{Ba10,
	Author = {Bartelsen, Jan u. andere},
	Howpublished = {Kapitel-Auszug aus einem in Arbeit befindlichen Paper},
	Title = {mobile learning (Arbeitstitel)},
	Year = 2010}

@inproceedings{BuckStucki2009,
	Acmid = {1508958},
	Address = {New York, NY, USA},
	Author = {Buck, Duane and Stucki, David J.},
	Booktitle = {Proceedings of the 40th ACM technical symposium on Computer science education},
	Date-Modified = {2011-11-23 15:15:45 +0100},
	Doi = {http://doi.acm.org/10.1145/1508865.1508958},
	Isbn = {978-1-60558-183-5},
	Keywords = {abstract data types, containers, data representation, interfaces, modeling, value semantics},
	Location = {Chattanooga, TN, USA},
	Numpages = {4},
	Pages = {256--259},
	Publisher = {ACM},
	Series = {SIGCSE '09},
	Title = {The hidden injuries of overloading 'ADT'},
	Url = {http://doi.acm.org/10.1145/1508865.1508958},
	Year = {2009},
	Bdsk-Url-1 = {http://doi.acm.org/10.1145/1508865.1508958}}

@inproceedings{Sivilotti2010,
	Acmid = {1734436},
	Address = {New York, NY, USA},
	Author = {Sivilotti, Paolo A.G. and Lang, Matthew},
	Booktitle = {Proceedings of the 41st ACM technical symposium on Computer science education},
	Doi = {http://doi.acm.org/10.1145/1734263.1734436},
	Isbn = {978-1-4503-0006-3},
	Keywords = {abstraction, behavioral specification, concrete state},
	Location = {Milwaukee, Wisconsin, USA},
	Numpages = {5},
	Pages = {515--519},
	Publisher = {ACM},
	Series = {SIGCSE '10},
	Title = {Interfaces first (and foremost) with Java},
	Url = {http://doi.acm.org/10.1145/1734263.1734436},
	Year = {2010},
	Bdsk-Url-1 = {http://doi.acm.org/10.1145/1734263.1734436}}

@article{Hoare2009,
	Acmid = {1592435},
	Address = {New York, NY, USA},
	Articleno = {18},
	Author = {Hoare, C. A. R. and Misra, Jayadev},
	Doi = {http://doi.acm.org/10.1145/1592434.1592435},
	Issn = {0360-0300},
	Issue = {4},
	Journal = {ACM Comput. Surv.},
	Month = {October},
	Numpages = {3},
	Pages = {18:1--18:3},
	Publisher = {ACM},
	Title = {Preface to special issue on software verification},
	Url = {http://doi.acm.org/10.1145/1592434.1592435},
	Volume = {41},
	Year = {2009},
	Bdsk-Url-1 = {http://doi.acm.org/10.1145/1592434.1592435}}

@article{Barnett2011,
	Acmid = {1953145},
	Address = {New York, NY, USA},
	Author = {Barnett, Mike and F\"{a}hndrich, Manuel and Leino, K. Rustan M. and M\"{u}ller, Peter and Schulte, Wolfram and Venter, Herman},
	Doi = {http://doi.acm.org/10.1145/1953122.1953145},
	Issn = {0001-0782},
	Issue = {6},
	Issue_Date = {June 2011},
	Journal = {Commun. ACM},
	Month = jun,
	Numpages = {11},
	Pages = {81--91},
	Publisher = {ACM},
	Title = {Specification and verification: the Spec\# experience},
	Url = {http://doi.acm.org/10.1145/1953122.1953145},
	Volume = {54},
	Year = {2011},
	Bdsk-Url-1 = {http://doi.acm.org/10.1145/1953122.1953145}}

@phdthesis{Reng10,
	Author = {Lukas Renggli},
	Date-Added = {2011-04-28 12:05:56 +0200},
	Date-Modified = {2011-04-28 12:07:57 +0200},
	Keywords = {Helvetia},
	School = {Philosophisch-naturwissenschaftliche Fakult{\"a}t der Universit{\"a}t Bern},
	Title = {Dynamic Language Embedding},
	Year = {2010}}

@article{ThomsenNormark2010,
	Author = {Lone Leth Thomsen and Bent Thomsen and Kurt N\/{o}rmark},
	Date-Modified = {2011-04-28 10:16:54 +0200},
	Doi = {10.5381/jot.2010.9.6.a1},
	Issn = {1660-1769},
	Journal = {Journal of Object Technology},
	Month = nov,
	Number = {6},
	Pages = {1-23},
	Title = {Computational Abstraction Steps},
	Url = {http://www.jot.fm/contents/issue_2010_11/article1.html},
	Volume = {9},
	Year = {2010},
	Bdsk-Url-1 = {http://www.jot.fm/contents/issue_2010_11/article1.html},
	Bdsk-Url-2 = {http://dx.doi.org/10.5381/jot.2010.9.6.a1}}

@article{AntoyHanus2010,
	Acmid = {1721675},
	Address = {New York, NY, USA},
	Author = {Sergoy Antoy and Michael Hanus},
	Doi = {10.1145/1721654.1721675},
	Issn = {0001-0782},
	Issue_Date = {April 2010},
	Journal = {Commun. ACM},
	Month = apr,
	Number = {4},
	Numpages = {12},
	Pages = {74--85},
	Publisher = {ACM},
	Title = {Functional logic programming},
	Url = {http://doi.acm.org/10.1145/1721654.1721675},
	Volume = {53},
	Year = {2010},
	Bdsk-Url-1 = {http://doi.acm.org/10.1145/1721654.1721675},
	Bdsk-Url-2 = {http://dx.doi.org/10.1145/1721654.1721675}}

@book{aho1992foundations,
	Author = {Aho, A.V. and Ullman, J.D.},
	Publisher = {Computer Science Press},
	Title = {Foundations of computer science},
	Volume = {2},
	Year = {1992}}

@techreport{ISOIEC14977,
	Address = {Geneva, Switzerland},
	Author = {ISO/IEC},
	Institution = {International Organization for Standardization},
	Title = {Information technology -- Syntactic metalanguage -- Extended BNF},
	Year = {1996}}

@inproceedings{Frost:2007:MET:1621410.1621425,
	Acmid = {1621425},
	Address = {Stroudsburg, PA, USA},
	Author = {Frost, Richard A. and Hafiz, Rahmatullah and Callaghan, Paul C.},
	Booktitle = {Proceedings of the 10th International Conference on Parsing Technologies},
	Isbn = {978-1-932432-90-9},
	Location = {Prague, Czech REpublic},
	Numpages = {12},
	Pages = {109--120},
	Publisher = {Association for Computational Linguistics},
	Series = {IWPT '07},
	Title = {Modular and Efficient Top-down Parsing for Ambiguous Left-recursive Grammars},
	Url = {http://dl.acm.org/citation.cfm?id=1621410.1621425},
	Year = {2007},
	Bdsk-Url-1 = {http://dl.acm.org/citation.cfm?id=1621410.1621425}}

@article{JFP:1457488,
	Author = {Hutton,Graham},
	Doi = {10.1017/S0956796800000411},
	Issn = {1469-7653},
	Issue = 03,
	Journal = {Journal of Functional Programming},
	Month = 7,
	Numpages = 21,
	Pages = {323--343},
	Title = {Higher-order functions for parsing},
	Url = {http://journals.cambridge.org/article_S0956796800000411},
	Volume = 2,
	Year = 1992,
	Bdsk-Url-1 = {http://journals.cambridge.org/article_S0956796800000411},
	Bdsk-Url-2 = {http://dx.doi.org/10.1017/S0956796800000411}}

@misc{van2009comparing,
	Author = {van Gijzel, Bas},
	Howpublished = {http://fmt.ewi.utwente.nl/files/sprojects/76.pdf},
	Note = {zuletzt aufgerufen am 7. 12. 2014},
	Title = {Comparing Parser Construction Techniques},
	Year = {2009}}

@article{Pears:2007:SLT:1345375.1345441,
	Acmid = {1345441},
	Address = {New York, NY, USA},
	Author = {Pears, Arnold and Seidman, Stephen and Malmi, Lauri and Mannila, Linda and Adams, Elizabeth and Bennedsen, Jens and Devlin, Marie and Paterson, James},
	Doi = {10.1145/1345375.1345441},
	Issn = {0097-8418},
	Issue_Date = {December 2007},
	Journal = {SIGCSE Bull.},
	Keywords = {bibliography, computing education research, introductory programming, literature survey, teaching},
	Month = dec,
	Number = {4},
	Numpages = {20},
	Pages = {204--223},
	Publisher = {ACM},
	Title = {A Survey of Literature on the Teaching of Introductory Programming},
	Url = {http://doi.acm.org/10.1145/1345375.1345441},
	Volume = {39},
	Year = {2007},
	Bdsk-Url-1 = {http://doi.acm.org/10.1145/1345375.1345441},
	Bdsk-Url-2 = {http://dx.doi.org/10.1145/1345375.1345441}}

@article{doi:10.1080/08993400600912384,
	Author = {Mannila, Linda and Peltom{\"a}ki, Mia and Salakoski, Tapio},
	Doi = {10.1080/08993400600912384},
	Eprint = {http://dx.doi.org/10.1080/08993400600912384},
	Journal = {Computer Science Education},
	Number = {3},
	Pages = {211-227},
	Title = {What about a simple language? Analyzing the difficulties in learning to program},
	Url = {http://dx.doi.org/10.1080/08993400600912384},
	Volume = {16},
	Year = {2006},
	Bdsk-Url-1 = {http://dx.doi.org/10.1080/08993400600912384}}

@book{Bramer2013,
	Author = {Max Bramer},
	Publisher = {Springer},
	Title = {Logic Programming with Prolog},
	Url = {https://www.amazon.com/Logic-Programming-Prolog-Max-Bramer-ebook/dp/B00GICFQIK?SubscriptionId=0JYN1NVW651KCA56C102&tag=techkie-20&linkCode=xm2&camp=2025&creative=165953&creativeASIN=B00GICFQIK},
	Year = {2013},
	Bdsk-Url-1 = {https://www.amazon.com/Logic-Programming-Prolog-Max-Bramer-ebook/dp/B00GICFQIK?SubscriptionId=0JYN1NVW651KCA56C102&tag=techkie-20&linkCode=xm2&camp=2025&creative=165953&creativeASIN=B00GICFQIK}}

@book{Clocksin2003,
	Author = {William F. Clocksin and Christopher S. Mellish},
	Isbn = {3540006788},
	Publisher = {Springer},
	Title = {Programming in Prolog: Using the ISO Standard},
	Url = {https://www.amazon.com/Programming-Prolog-Using-ISO-Standard/dp/3540006788?SubscriptionId=0JYN1NVW651KCA56C102&tag=techkie-20&linkCode=xm2&camp=2025&creative=165953&creativeASIN=3540006788},
	Year = {2003},
	Bdsk-Url-1 = {https://www.amazon.com/Programming-Prolog-Using-ISO-Standard/dp/3540006788?SubscriptionId=0JYN1NVW651KCA56C102&tag=techkie-20&linkCode=xm2&camp=2025&creative=165953&creativeASIN=3540006788}}
